<record><leader>00000cas a2200000 a 4500</leader><controlfield tag="001">26902032</controlfield><controlfield tag="008">921102d19521960cauwr n       0    0eng c</controlfield><datafield ind1=" " ind2=" " tag="010"><subfield code="a">sn 92069399 </subfield></datafield><datafield ind1=" " ind2=" " tag="040"><subfield code="a">CUY</subfield><subfield code="b">eng</subfield><subfield code="c">CNK</subfield><subfield code="d">OCLCQ</subfield><subfield code="d">CNK</subfield><subfield code="d">OCLCQ</subfield><subfield code="d">OCLCF</subfield><subfield code="d">OCLCO</subfield></datafield><datafield ind1="1" ind2=" " tag="029"><subfield code="a">AU@</subfield><subfield code="b">000020726275</subfield></datafield><datafield ind1=" " ind2=" " tag="042"><subfield code="a">pcc</subfield></datafield><datafield ind1=" " ind2=" " tag="043"><subfield code="a">n-us-ca</subfield></datafield><datafield ind1="0" ind2="0" tag="245"><subfield code="a">Modoc County record and Alturas plaindealer.</subfield></datafield><datafield ind1="3" ind2="0" tag="246"><subfield code="a">Modoc County record and Alturas plaindealer-times</subfield></datafield><datafield ind1="1" ind2="3" tag="246"><subfield code="a">Modoc County record, Surprise Valley record and plaindealer-times</subfield></datafield><datafield ind1=" " ind2=" " tag="260"><subfield code="a">Alturas, Calif. :</subfield><subfield code="b">R.M. Sloss.</subfield></datafield><datafield ind1=" " ind2=" " tag="300"><subfield code="a">v.</subfield></datafield><datafield ind1=" " ind2=" " tag="310"><subfield code="a">Weekly</subfield></datafield><datafield ind1="0" ind2=" " tag="362"><subfield code="a">Vol. 59, no. 50 (Mar. 6, 1952)-v. 67, no. 40 (Mar. 3, 1960).</subfield></datafield><datafield ind1=" " ind2=" " tag="500"><subfield code="a">Published as: Modoc County record and Alturas plaindealer-times, Dec. 18, 1952-June 14, 1956.</subfield></datafield><datafield ind1=" " ind2=" " tag="500"><subfield code="a">Published as: Modoc County record, Feb. 19, 1959.</subfield></datafield><datafield ind1=" " ind2=" " tag="530"><subfield code="a">Master negatives are available for duplication from:</subfield><subfield code="b">California Newspaper Microfilm Archive;</subfield><subfield code="c">positive copies may be purchased by the reel; for further information consult the CNMA at:</subfield><subfield code="u">http://cbsr.ucr.edu</subfield></datafield><datafield ind1=" " ind2="0" tag="651"><subfield code="a">Modoc County (Calif.)</subfield><subfield code="v">Newspapers.</subfield></datafield><datafield ind1=" " ind2="7" tag="655"><subfield code="a">Newspapers.</subfield><subfield code="2">fast</subfield><subfield code="0">(OCoLC)fst01423814</subfield></datafield><datafield ind1=" " ind2="7" tag="651"><subfield code="a">California</subfield><subfield code="z">Modoc County.</subfield><subfield code="2">fast</subfield><subfield code="0">(OCoLC)fst01218112</subfield></datafield><datafield ind1=" " ind2=" " tag="752"><subfield code="a">United States</subfield><subfield code="b">California</subfield><subfield code="c">Modoc</subfield><subfield code="d">Alturas.</subfield></datafield><datafield ind1="0" ind2="4" tag="780"><subfield code="t">Alturas plaindealer and Modoc County times</subfield><subfield code="w">(DLC)sn 92069398</subfield></datafield><datafield ind1="0" ind2="4" tag="780"><subfield code="t">Modoc County record and Surprise Valley record</subfield><subfield code="w">(DLC)sn 92069402</subfield></datafield><datafield ind1="0" ind2="0" tag="785"><subfield code="t">Modoc County record</subfield><subfield code="w">(DLC)sn 93053159</subfield></datafield></record>